
@article{needed,
  title = {A Citation Needs to be Identified for this Claim},
  author = {CitationNeeded, and Jane Doe, and Anon Ymous, and Salt Bae},
  year = {????},
  pages = {???},
  issue = {yes, this is an issue}
}


